
@online{list_pda_2025,
	title = {A {PDA} From An {ESP}32},
	url = {https://hackaday.com/2025/01/18/a-pda-from-an-esp32/},
	abstract = {The {ESP}32 series of microcontrollers have been with us for quite a few years now and appeared in both Tensilica and {RISC}-V variants, both of which deliver an inexpensive and powerful device. It\&\#82â€¦},
	titleaddon = {Hackaday},
	author = {List, Jenny},
	urldate = {2025-02-11},
	date = {2025-01-18},
	langid = {american},
	file = {Snapshot:/home/mochi/Zotero/storage/LSQDVXXK/a-pda-from-an-esp32.html:text/html},
}
